<?xml version="1.0" encoding="utf-8"?>
<record xmlns="http://www.loc.gov/MARC21/slim" xmlns:xsi="http://www.w3.org/2001/XMLSchema-instance" xsi:schemaLocation="http://www.loc.gov/MARC21/slim http://www.loc.gov/standards/marcxml/schema/MARC21slim.xsd">
	<leader>     nam a22        4500</leader>
	<controlfield tag="001">149120</controlfield>
	<controlfield tag="003">NjP</controlfield>
	<controlfield tag="006">m        d        </controlfield>
	<controlfield tag="007">cr cn |||m|||a</controlfield>
	<controlfield tag="008">161222m19319999tu h    ob    001 0caraod</controlfield>
	<datafield ind1=" " ind2=" " tag="040">
		<subfield code="a">NNU</subfield>
		<subfield code="b">eng</subfield>
		<subfield code="e">rda</subfield>
		<subfield code="c">NNU</subfield>
	</datafield>
	<datafield ind1=" " ind2=" " tag="043">
		<subfield code="a">aw-----</subfield>
		<subfield code="a">ff-----</subfield>
	</datafield>
	<datafield ind1=" " ind2="4" tag="050">
		<subfield code="a">D198.3</subfield>
		<subfield code="b">.S317</subfield>
	</datafield>
	<datafield ind1="1" ind2=" " tag="100">
		<subfield code="6">880-01</subfield>
		<subfield code="a">Ṣafadī, Khalīl ibn Aybak,</subfield>
		<subfield code="d">approximately 1297-1363.</subfield>
	</datafield>
	<datafield ind1="1" ind2="0" tag="245">
		<subfield code="6">880-02</subfield>
		<subfield code="a">Kitāb al-Wāfī bi-al-Wafayāt /</subfield>
		<subfield code="c">taʼlīf Ṣalāḥ al-Dīn ibn Aybak al-Ṣafadi ; bi-iʻtinā' H. Ritter.</subfield>
	</datafield>
	<datafield ind1="3" ind2=" " tag="246">
		<subfield code="6">880-03</subfield>
		<subfield code="a">Wāfī al-wafayāt</subfield>
	</datafield>
	<datafield ind1="3" ind2=" " tag="246">
		<subfield code="a">Biographische Lexikon des Ṣalāḥaddīn Ḫalīl ibn Aibak aṣ-Ṣafadī</subfield>
	</datafield>
	<datafield ind1=" " ind2=" " tag="260">
		<subfield code="6">880-04</subfield>
		<subfield code="a">Istanbūl :</subfield>
		<subfield code="b">Maṭbaʻat al-dawlah,</subfield>
		<subfield code="c">1931-</subfield>
	</datafield>
	<datafield ind1=" " ind2=" " tag="300">
		<subfield code="a">online resource (volumes)</subfield>
	</datafield>
	<datafield ind1=" " ind2=" " tag="336">
		<subfield code="a">text</subfield>
		<subfield code="2">rdacontent</subfield>
	</datafield>
	<datafield ind1=" " ind2=" " tag="337">
		<subfield code="a">computer</subfield>
		<subfield code="2">rdamedia</subfield>
	</datafield>
	<datafield ind1=" " ind2=" " tag="338">
		<subfield code="a">online resource</subfield>
		<subfield code="2">rdacarrier</subfield>
	</datafield>
	<datafield ind1="1" ind2=" " tag="490">
		<subfield code="6">880-05</subfield>
		<subfield code="a">al-Nasharāt al-Islāmīyah,</subfield>
		<subfield code="x">0170-3102 ;</subfield>
		<subfield code="v">juzʼ 6</subfield>
	</datafield>
	<datafield ind1=" " ind2=" " tag="500">
		<subfield code="a">Imprint varies.</subfield>
	</datafield>
	<datafield ind1=" " ind2=" " tag="500">
		<subfield code="a">Title on added t.p.: Das biographische Lexikon des Ṣalāḥaddīn Ḫalīl ibn Aibak aṣ-Ṣafadī.</subfield>
	</datafield>
	<datafield ind1=" " ind2=" " tag="500">
		<subfield code="a">Part of the Arabic Collections Online (ACO) project, contributed by Princeton University Libraries.</subfield>
	</datafield>
	<datafield ind1=" " ind2=" " tag="504">
		<subfield code="a">Includes bibliographical references.</subfield>
	</datafield>
	<datafield ind1="1" ind2=" " tag="505">
		<subfield code="a">v. 1. 2. unveränd. Aufl. Muhammad ibn Muhammad bis Muhammad ibn Ibrahim ibn abd arRahman -- v. 4. Muhammad ibn 'Ubaidallah bis Muhammad ibn Mahmud -- v. 5. Muhammad ibn Mahmud bis Ibrahim ibn Sulaiman -- v. 6. Ibrahim ibn Sahl bis Ahmad ibn Tulun -- v. 7. Ahmad ibn at Taiyib ibn Halaf bis Ahmad ibn Saraa -- v. 9. Asad ibn Ibrahim bis Aydekin al Bunduqdar -- v. 10. Aidamur bis Thabit -- v. 12. Al Hasan ibn Dawud bis al Husain Ali ibn Nama -- v. 15 Ziyad ibn al Asfar bis Sunayn.</subfield>
	</datafield>
	<datafield ind1=" " ind2=" " tag="533">
		<subfield code="a">Electronic reproduction.</subfield>
		<subfield code="b">New York, N.Y. :</subfield>
		<subfield code="c">New York University,</subfield>
		<subfield code="d">2016.</subfield>
		<subfield code="5">NNU</subfield>
	</datafield>
	<datafield ind1=" " ind2="0" tag="651">
		<subfield code="a">Islamic Empire</subfield>
		<subfield code="v">Biography.</subfield>
	</datafield>
	<datafield ind1=" " ind2="7" tag="650">
		<subfield code="a">Arabes</subfield>
		<subfield code="x">Biographies</subfield>
		<subfield code="x">Dictionnaires</subfield>
		<subfield code="x">Ouvrages avant 1800.</subfield>
		<subfield code="2">ram</subfield>
	</datafield>
	<datafield ind1=" " ind2="7" tag="651">
		<subfield code="a">Empire islamique</subfield>
		<subfield code="x">Biographies</subfield>
		<subfield code="x">Ouvrages avant 1800.</subfield>
		<subfield code="2">ram</subfield>
	</datafield>
	<datafield ind1=" " ind2="7" tag="651">
		<subfield code="a">Islamic Empire.</subfield>
		<subfield code="2">fast</subfield>
		<subfield code="0">(OCoLC)fst01244134</subfield>
	</datafield>
	<datafield ind1=" " ind2="7" tag="655">
		<subfield code="a">Biography.</subfield>
		<subfield code="2">fast</subfield>
		<subfield code="0">(OCoLC)fst01423686</subfield>
	</datafield>
	<datafield ind1="1" ind2=" " tag="700">
		<subfield code="6">880-06</subfield>
		<subfield code="a">Ritter, Hellmut,</subfield>
		<subfield code="d">1892-1971.</subfield>
	</datafield>
	<datafield ind1="2" ind2=" " tag="710">
		<subfield code="a">Princeton University.</subfield>
		<subfield code="b">Library.</subfield>
	</datafield>
	<datafield ind1="0" ind2=" " tag="730">
		<subfield code="a">Arabic Collections Online.</subfield>
	</datafield>
	<datafield ind1="0" ind2="8" tag="776">
		<subfield code="i">Online version:</subfield>
		<subfield code="a">Ṣafadī, Khalīl ibn Aybak, 1297 (ca.)-1363.</subfield>
		<subfield code="t">Kitāb al-wāfī bi-al-wafayāt.</subfield>
		<subfield code="d">Istanbūl : Maṭbaʻat al-dawlah, 1931-</subfield>
		<subfield code="w">(OCoLC)563162793</subfield>
	</datafield>
	<datafield ind1="0" ind2="8" tag="776">
		<subfield code="i">Print version:</subfield>
		<subfield code="a">Ṣafadī, Khalīl ibn Aybak, approximately 1297-1363.</subfield>
		<subfield code="t">Kitāb al-Wāfī bi-al-Wafayāt</subfield>
		<subfield code="w">(NjP)149120</subfield>
		<subfield code="w">(OCoLC)23498175</subfield>
	</datafield>
	<datafield ind1=" " ind2="0" tag="830">
		<subfield code="6">880-07</subfield>
		<subfield code="a">Nasharāt al-Islāmīyah ;</subfield>
		<subfield code="v">juzʼ 6.</subfield>
	</datafield>
	<datafield ind1="4" ind2="0" tag="856">
		<subfield code="u">http://hdl.handle.net/2333.1/6wwpzmxh</subfield>
	</datafield>
	<datafield ind1="1" ind2=" " tag="880">
		<subfield code="6">100-01</subfield>
		<subfield code="a">صفدي، خليل بن ايبك،</subfield>
		<subfield code="d">approximately 1297-1363.</subfield>
	</datafield>
	<datafield ind1="1" ind2="0" tag="880">
		<subfield code="6">245-02</subfield>
		<subfield code="a">كتاب الوافي بالوفيات /</subfield>
		<subfield code="c">تأليف صلاح الدين بن ايبك الصفد ؛ باعتناء ه. رتر.</subfield>
	</datafield>
	<datafield ind1="3" ind2=" " tag="880">
		<subfield code="6">246-03</subfield>
		<subfield code="a">وافي الوفيات</subfield>
	</datafield>
	<datafield ind1=" " ind2=" " tag="880">
		<subfield code="6">260-04</subfield>
		<subfield code="a">استانبول :</subfield>
		<subfield code="b">مطبعة الدولة،</subfield>
		<subfield code="c">1931 </subfield>
	</datafield>
	<datafield ind1="1" ind2=" " tag="880">
		<subfield code="6">490-05</subfield>
		<subfield code="a">النشرات الاسلامية،</subfield>
		<subfield code="x">01703102 ؛</subfield>
		<subfield code="v">جزء 6</subfield>
	</datafield>
	<datafield ind1="1" ind2=" " tag="880">
		<subfield code="6">700-06</subfield>
		<subfield code="a">ريتر، هلموت،</subfield>
		<subfield code="d">1892-1971</subfield>
	</datafield>
	<datafield ind1=" " ind2="0" tag="880">
		<subfield code="6">830-07</subfield>
		<subfield code="a">نشرات الاسلامية ؛</subfield>
		<subfield code="v">جزء 6.</subfield>
	</datafield>
	<datafield ind1=" " ind2=" " tag="959">
		<subfield code="a">NNU</subfield>
		<subfield code="b">WEB</subfield>
		<subfield code="c">GENI</subfield>
		<subfield code="t">0</subfield>
		<subfield code="m">Electronic access</subfield>
		<subfield code="s">01</subfield>
	</datafield>
	<datafield ind1=" " ind2=" " tag="999">
		<subfield code="i">NjP_149120</subfield>
		<subfield code="o">(OCoLC)ocm23498175</subfield>
		<subfield code="s">princeton_aco000755:pt.1</subfield>
		<subfield code="s">princeton_aco000757:pt.3</subfield>
		<subfield code="s">princeton_aco000758:pt.4</subfield>
		<subfield code="e">(ERROR-880)</subfield>
		<subfield code="s">princeton_aco000755:pt.1</subfield>
		<subfield code="s">princeton_aco000757:pt.3</subfield>
		<subfield code="s">princeton_aco000758:pt.4</subfield>
	</datafield>
</record>
